@misc{chrome-policy,
  author = {Devon O'Brien},
  title = {Certificate Transparency Enforcement in {Google Chrome}},
  year = {2018},
  note = {\url{https://groups.google.com/a/chromium.org/forum/#!msg/ct-policy/wHILiYf31DE/iMFmpMEkAQAJ}, accessed 2020-03-12},
}

@misc{safari-policy,
  author = {\relax Apple Inc.},
  title = {Apple's Certificate Transparency policy},
  year = {2019},
  note = {\url{https://web.archive.org/web/20190321072334/https://support.apple.com/en-us/HT205280}, accessed 2020-03-12},
}

@techreport{nordberg,
  author      = {Linus Nordberg and Daniel Kahn Gillmor and Tom Ritter},
  title       = {Gossiping in {CT}},
  number      = {draft-ietf-trans-gossip-05},
  type        = {Internet-draft},
  institution = {IETF},
  pagetotal   = {57},
  year        = {2018},
  note        = {work in progress},
  url         = {https://tools.ietf.org/html/draft-ietf-trans-gossip-05}
}

@techreport{ct,
	author = {Ben Laurie and Adam Langley and Emilia Kasper},
	title =	 {{Certificate Transparency}},
	number = {6962},
	type = {RFC},
	institution = {IETF},
	pagetotal =	{27},
	year = {2013},
	url = {https://tools.ietf.org/html/rfc6962},
}

@techreport{ct/bis,
  author      = {Ben Laurie and Adam Langley and Emilia Kasper and Eran Messeri and Rob Stradling},
  title       = {{Certificate Transparency Version 2.0}},
  number      = {draft-ietf-trans-rfc6962-bis-34},
  type        = {Internet-draft},
  institution = {IETF},
  pagetotal   = {55},
  month       = {November},
  year        = {2019},
  url         = {https://tools.ietf.org/html/draft-ietf-trans-rfc6962-bis-34},
  note        = {work in progress},
}

@techreport{hpkp,
	author = {Chris Evans and Chris Palmer and Ryan Sleevi},
	title = {{Public Key Pinning Extension for HTTP}},
	number = {7469},
	type = {RFC},
	institution = {IETF},
	pagetotal =	{28},
	year = {2015},
	url = {https://tools.ietf.org/html/rfc7469},
}
